@book{introalg,
    author      = "Cormen, Thomas H. and Leiserson, Charles E. and Rivest, Ronald L. and Stein, Clifford",
    edition     = "2nd",
    title       = "Introduction to algorithms",
    publisher   = "MIT Press",
    year        = "2001",
    address     = "Cambridge, Mass",
    isbn        = "0262032937"
}

@techreport{ princton,
             author = "Robert Sedgewick",
             title = "Analysis of Shellsort and Related Algorithms",
             institution = "Princeton University",
             year = 1996,
             url = "http://www.cs.princeton.edu/~rs/shell/paperF.pdf",
}

@techreport{ education,
       title = "Shell Sort",
       institution = "Center For Development Of Advanced Computing",
       url = "http://education.cdacmumbai.in/education/pgdst
       /dsalfac/notes/ShellSort.pdf",
}
